%% pasner_thesis.bib 11/14/2018 
%% Modified by Jacob M. Pasner
%% Copyright (C) 1988-2004 Daniel Gildea, BBF, Ethan Munson.
%
% This work may be distributed and/or modified under the
% conditions of the LaTeX Project Public License, either version 1.3
% of this license or (at your option) any later version.
% The latest version of this license is in
%   http://www.latex-project.org/lppl.txt
% and version 1.3 or later is part of all distributions of LaTeX
% version 2003/12/01 or later.
%
% This work has the LPPL maintenance status "maintained".
% 
% The Current Maintainer of this work is Daniel Gildea.

@thesis{Stark:2317296,
      author        = "Stark, Giordon Holtsberg",
      title         = "{The search for supersymmetry in hadronic final states
                       using boosted object reconstruction}",
      month         = "5",
      year          = "2018",
      reportNumber  = "CERN-THESIS-2018-047",
      url           = "https://cds.cern.ch/record/2317296",
      note          = "Presented 26 Apr 2018",
}

@techreport{Potamianos:2209070,
      author        = "Potamianos, Karolos",
      title         = "{The upgraded Pixel detector and the commissioning of the
                       Inner Detector tracking of the ATLAS experiment for Run-2
                       at the Large Hadron Collider}",
      institution   = "CERN",
      collaboration = "ATLAS Collaboration",
      address       = "Geneva",
      number        = "ATL-PHYS-PROC-2016-104",
      month         = "8",
      year          = "2016",
      reportNumber  = "ATL-PHYS-PROC-2016-104",
      url           = "https://cds.cern.ch/record/2209070",
      note          = "15 pages, EPS-HEP 2015 Proceedings",
}

@book{ATLAS-TDR-4,
      title         = "{ATLAS inner detector: Technical Design Report, 1}",
      publisher     = "CERN",
      collaboration = "ATLAS Collaboration",
      address       = "Geneva",
      series        = "Technical Design Report ATLAS",
      year          = "1997",
      url           = "http://cds.cern.ch/record/331063",
}

@book{ATLAS-TDR-5,
      author        = "Haywood, S and Rossi, L and Nickerson, R and Romaniouk, A",
      title         = "{ATLAS inner detector: Technical Design Report, 2}",
      publisher     = "CERN",
      collaboration = "ATLAS Collaboration",
      address       = "Geneva",
      series        = "Technical Design Report ATLAS",
      year          = "1997",
      url           = "https://cds.cern.ch/record/331064",
}

